@article{TCS:CheMic19,
  title   = {Algorand: A secure and efficient distributed ledger},
  journal = {Theoretical Computer Science},
  volume  = {777},
  pages   = {155--183},
  year    = {2019},
  issn    = {0304-3975},
  doi     = {10.1016/J.TCS.2019.02.001},
  author  = {Jing Chen and Silvio Micali}
}

@misc{Nak08,
  author = {Satoshi Nakamoto},
  title  = {Bitcoin: A Peer-to-Peer Electronic Cash System},
  year   = {2008},
  month  = {Dec},
  url    = {https://bitcoin.org/bitcoin.pdf}
}

@inproceedings{ALP:BerGar89,
  author    = {Berman, Piotr and Garay, Juan A.},
  editor    = {Ausiello, Giorgio and Dezani-Ciancaglini, Mariangiola and Della Rocca, Simonetta Ronchi},
  title     = {Asymptotically Optimal Distributed Consensus (Extended Abstract)},
  booktitle = {Automata, Languages and Programming},
  year      = {1989},
  publisher = {Springer Berlin Heidelberg},
  address   = {Berlin, Heidelberg},
  pages     = {80--94},
  isbn      = {978-3-540-46201-9},
  doi       = {10.1007/BFB0035753}
}

@article{JACM:DolReiStr90,
  author    = {Danny Dolev and R{\"{u}}diger Reischuk and H. Raymond Strong},
  title     = {Early stopping in Byzantine agreement},
  year      = {1990},
  publisher = {Association for Computing Machinery},
  address   = {New York, NY, USA},
  volume    = {37},
  number    = {4},
  issn      = {0004-5411},
  doi       = {10.1145/96559.96565},
  journal   = {J. ACM},
  month     = {Oct},
  pages     = {720--741},
  numpages  = {22}
}

@article{CSUR:Schneider90,
  author    = {Schneider, Fred B.},
  title     = {Implementing fault-tolerant services using the state machine approach: a tutorial},
  year      = {1990},
  publisher = {Association for Computing Machinery},
  address   = {New York, NY, USA},
  volume    = {22},
  number    = {4},
  issn      = {0360-0300},
  doi       = {10.1145/98163.98167},
  journal   = {ACM Comput. Surv.},
  month     = {dec},
  pages     = {299--319},
  numpages  = {21}
}

@article{InfProcessLett:TurCoa84,
  title   = {Extending binary Byzantine agreement to multivalued Byzantine agreement},
  journal = {Information Processing Letters},
  volume  = {18},
  number  = {2},
  pages   = {73--76},
  year    = {1984},
  issn    = {0020-0190},
  doi     = {10.1016/0020-0190(84)90027-9},
  author  = {Russell Turpin and Brian A. Coan}
}

@article{SICOMP:DolStr83,
  author  = {Danny Dolev and H. Raymond Strong},
  title   = {Authenticated Algorithms for Byzantine Agreement},
  journal = {{SIAM} J. Comput.},
  volume  = {12},
  number  = {4},
  pages   = {656--666},
  year    = {1983},
  doi     = {10.1137/0212045}
}

@article{JA:Dolev82,
  author  = {Danny Dolev},
  title   = {The Byzantine Generals Strike Again},
  journal = {Journal of Algorithms},
  volume  = {3},
  number  = {1},
  pages   = {14--30},
  year    = {1982},
  issn    = {0196-6774},
  doi     = {10.1016/0196-6774(82)90004-9}
}

@article{InfProcessLett:FisLyn82,
  author  = {Michael J. Fischer and Nancy A. Lynch},
  title   = {A Lower Bound for the Time to Assure Interactive Consistency},
  journal = {Inf. Process. Lett.},
  volume  = {14},
  number  = {4},
  pages   = {183--186},
  year    = {1982},
  issn    = {0020-0190},
  doi     = {10.1016/0020-0190(82)90033-3}
}

@article{TOPLAS:LamShoPea82,
  author     = {Lamport, Leslie and Shostak, Robert and Pease, Marshall},
  title      = {The Byzantine Generals Problem},
  year       = {1982},
  issue_date = {July 1982},
  publisher  = {Association for Computing Machinery},
  address    = {New York, NY, USA},
  volume     = {4},
  number     = {3},
  issn       = {0164-0925},
  doi        = {10.1145/357172.357176},
  journal    = {ACM Trans. Program. Lang. Syst.},
  month      = {Jul},
  pages      = {382--401},
  numpages   = {20}
}

@article{JACM:PeaShoLam80,
  author     = {Marshall C. Pease and Robert E. Shostak and Leslie Lamport},
  title      = {Reaching Agreement in the Presence of Faults},
  year       = {1980},
  issue_date = {April 1980},
  publisher  = {Association for Computing Machinery},
  address    = {New York, NY, USA},
  volume     = {27},
  number     = {2},
  issn       = {0004-5411},
  doi        = {10.1145/322186.322188},
  journal    = {J. ACM},
  month      = {apr},
  pages      = {228--234},
  numpages   = {7}
}

@article{CACM:Lamport78,
  author    = {Lamport, Leslie},
  title     = {Time, clocks, and the ordering of events in a distributed system},
  year      = {1978},
  publisher = {Association for Computing Machinery},
  address   = {New York, NY, USA},
  volume    = {21},
  number    = {7},
  issn      = {0001-0782},
  doi       = {10.1145/359545.359563},
  journal   = {Commun. ACM},
  month     = {Jul},
  pages     = {558--565},
  numpages  = {8}
}
